 @misc{web:polytechnic-adc,
    author       = {{Polytechnic Hub}},
    title        = {What do you mean by ADC (Analog to digital converter)?},
    year         = {2017},
    url          = {https://www.polytechnichub.com/mean-adc-analog-digital-converter/},
    note         = "[Онлайн; загружено 30 сентября 2023]"
     }

@misc{web:digitalCircuitsAdc,
    author       = {{Tony R. Kuphaldt}},
    title        = {Lessons in Electric Circuits -- Volume IV (Digital)},
    year         = {2007},
    url          = {http://www.ibiblio.org/kuphaldt/electricCircuits/Digital/DIGI_13.html},
    note         = "[Онлайн; загружено 30 сентября 2023]"
}

@misc{ wiki:pcm,
  author = "Википедия",
  title = "Импульсно-кодовая модуляция --- Википедия{,} свободная энциклопедия",
  year = "2023",
  url = "https://ru.wikipedia.org/?curid=15109&oldid=130031147",
  note = "[Онлайн; загружено 30 сентября 2023]"
}

  @misc{ enwiki:1174270402,
    author = "{Wikipedia contributors}",
    title = "Nyquist–Shannon sampling theorem --- {Wikipedia}{,} The Free Encyclopedia",
    year = "2023",
    url = "https://en.wikipedia.org/w/index.php?title=Nyquist%E2%80%93Shannon_sampling_theorem&oldid=1174270402",
    note = "[Онлайн; загружено 30 сентября 2023]"
  }

    @misc{ web:fs-voice-band,
    author = "{US General Services Administration}",
    title = "Federal Standard 1037C",
    year = "2000",
    url = "https://web.archive.org/web/20201020083412/https://www.its.bldrdoc.gov/fs-1037/dir-039/_5829.htm",
    note = "[Онлайн; загружено 30 сентября 2023]"
  }

      @misc{ web:mp3-ghost,
    author = "Ryan Maguire",
    title = "The Ghost in the MP3",
    year = "2014",
    url = "https://www.theghostinthemp3.com",
    note = "[Онлайн; загружено 30 сентября 2023]"
  }



 @misc{ wiki:opus-spectro,
   author = "{Wikimedia Commons}",
   title = "Opus (audio codec) --- Wikimedia Commons{,} the free media repository",
   year = "2016",
   url = "https://commons.wikimedia.org/w/index.php?title=Opus_(audio_codec)&oldid=191086672",
   note = "[Онлайн; загружено 30 сентября 2023]"
 }


 @misc{ web:pcm-adapter-vid,
   author = "{Technology Connections}",
   title = "Digital audio needed videotape to be possible - and the early days were wild!",
   year = "2023",
   url = "https://youtu.be/xSnrQBfBCzY",
   note = "[Онлайн; загружено 30 сентября 2023]"
 }
